<?xml version="1.0" encoding="UTF-8"?><collection xmlns="http://www.loc.gov/MARC21/slim"><record><leader>00545nam--2200181-u-4500</leader><controlfield tag="001">000055481</controlfield><controlfield tag="002">20161230</controlfield><controlfield tag="005">20161230201052</controlfield><controlfield tag="008">130214s1000------------r-----000-0-eng-d</controlfield><datafield ind1=" " ind2=" " tag="040"><subfield code="a">IFIN-HH</subfield></datafield><datafield ind1=" " ind2=" " tag="080"><subfield code="a">413.232=4=2</subfield></datafield><datafield ind1="1" ind2=" " tag="100"><subfield code="a">De Vries, Louis</subfield></datafield><datafield ind1="1" ind2="0" tag="245"><subfield code="a">French-english science dictionary</subfield><subfield code="b">For students in agricultural, biological, and physical sciences</subfield><subfield code="c">Louis de vries</subfield></datafield><datafield ind1=" " ind2=" " tag="250"><subfield code="a">Third Edition</subfield></datafield><datafield ind1=" " ind2=" " tag="260"><subfield code="a">New York</subfield><subfield code="b">Mcgraw-hill Book Company, Inc</subfield><subfield code="c">1962</subfield></datafield><datafield ind1=" " ind2=" " tag="300"><subfield code="a">IX+655P</subfield></datafield><datafield ind1=" " ind2=" " tag="852"><subfield code="a">D.360</subfield><subfield code="c">SLF</subfield></datafield><datafield ind1=" " ind2=" " tag="CAT"><subfield code="a">Sys</subfield><subfield code="c">20130214</subfield><subfield code="h">100932</subfield></datafield></record></collection>